@article{zheng2012worldwide,
  title={The worldwide epidemic of diabetic retinopathy},
  author={Zheng, Yingfeng and He, Mingguang and Congdon, Nathan},
  journal={Indian journal of ophthalmology},
  volume={60},
  number={5},
  pages={428},
  year={2012},
  publisher={Wolters Kluwer--Medknow Publications}
}

@article{shankle2004ophthalmic,
  title={Ophthalmic photography: retinal photography, angiography, and electronic imaging: by Patrick J. Saine and Marshall E. Tyler, London, Elsevier Science, 2002, 398 pp., illus., hardcover. Price US $150.00},
  author={Shankle, Jonathan},
  journal={Survey of Ophthalmology},
  volume={49},
  number={2},
  pages={264},
  year={2004},
  publisher={Elsevier}
}

@article{amin2016review,
  title={A review on recent developments for detection of diabetic retinopathy},
  author={Amin, Javeria and Sharif, Muhammad and Yasmin, Mussarat},
  journal={Scientifica},
  volume={2016},
  year={2016},
  publisher={Hindawi}
}

@article{badar2020application,
  title={Application of deep learning for retinal image analysis: A review},
  author={Badar, Maryam and Haris, Muhammad and Fatima, Anam},
  journal={Computer Science Review},
  volume={35},
  pages={100203},
  year={2020},
  publisher={Elsevier}
}

@article{zhang2016active,
  title={An active learning classifier for further reducing diabetic retinopathy screening system cost},
  author={Zhang, Yinan and An, Mingqiang},
  journal={Computational and mathematical methods in medicine},
  volume={2016},
  year={2016},
  publisher={Hindawi}
}

@article{schmidhuber2015deep,
  title={Deep learning in neural networks: An overview},
  author={Schmidhuber, J{\"u}rgen},
  journal={Neural networks},
  volume={61},
  pages={85--117},
  year={2015},
  publisher={Elsevier}
}

@article{sahlsten2019deep,
  title={Deep learning fundus image analysis for diabetic retinopathy and macular edema grading},
  author={Sahlsten, Jaakko and Jaskari, Joel and Kivinen, Jyri and Turunen, Lauri and Jaanio, Esa and Hietala, Kustaa and Kaski, Kimmo},
  journal={Scientific reports},
  volume={9},
  number={1},
  pages={1--11},
  year={2019},
  publisher={Nature Publishing Group}
}

@article{mazurowski2008training,
  title={Training neural network classifiers for medical decision making: The effects of imbalanced datasets on classification performance},
  author={Mazurowski, Maciej A and Habas, Piotr A and Zurada, Jacek M and Lo, Joseph Y and Baker, Jay A and Tourassi, Georgia D},
  journal={Neural networks},
  volume={21},
  number={2-3},
  pages={427--436},
  year={2008},
  publisher={Elsevier}
}
@article{ajiboye2015evaluating,
  title={Evaluating the effect of dataset size on predictive model using supervised learning technique},
  author={Ajiboye, AR and Abdullah-Arshah, Ruzaini and Hongwu, Q},
  year={2015},
  publisher={Universiti Malaysia Pahang}
}
@article{model1,
  title={Multi-label classification with Keras},
  author={Rosebrock, Adrian},
  year={2018},
  publisher={pyimagesearch}
}
@article{model2,
  title={How to Classify Photos of Dogs and Cats (with 97% accuracy)},
  author={Brownlee, Jason},
  year={2019},
  publisher={Machine Learning Mastery}
}
@article{model3,
  title={Image Classification Keras Tutorial: Kaggle Dog Breed Challenge},
  author={Shorten, Connor},
  year={2018},
  publisher={towards data science}
}
@article{chollet2016building,
  title={Building powerful image classification models using very little data},
  author={Chollet, Francois},
  journal={Keras Blog},
  year={2016}
}
